@misc{sql_cipher,
howpublished = "\url{http://sqlcipher.net/}"
}

@misc{mysql_trigger,
howpublished = "\url{http://dev.mysql.com/doc/refman/5.7/en/triggers.html}"
}