@misc{mobile_os_share,
howpublished = 
"\url{http://www.idc.com/prodserv/smartphone-os-market-share.jsp}",
year = "2015"
}

@misc{android_version_share,
howpublished = 
"\url{http://www.droid-life.com/2015/04/08/android-distribution-updated-for-april-2015-lollipop-jumps-to-5-4/}",
year = "2015"
}

@misc{ios_version_share,
howpublished = 
"\url{http://david-smith.org/iosversionstats/}",
year = "2015"
}
