@manual{project_spec,
title="Contacts Discovery System",
year=2015
}

@manual{data_structure_spec,
title="Contacts Discovery System Data Structures Specification",
year=2015
}

@manual{flow_spec,
title="Contacts Discovery System Flows and Protocols Specification",
year=2015
}

@manual{crypto_spec,
title="Contacts Discovery System Cryptography Specification",
year=2015
}

@manual{UI_spec,
title="Contacts Discovery System Client UI Elements Specification",
year=2015
}

@manual{UI_design_spec,
title="Contacts Discovery System Client UI Design",
year=2015
}